@article{awspcs:online,
  author =	 {{AWS}},
  title =	 {What is AWS ParallelCluster - AWS ParallelCluster},
  note =	 {\url
                  {https://docs.aws.amazon.com/parallelcluster/latest/ug/what-is-aws-parallelcluster.html}},
  month =	 oct,
  year =	 2024,
  journal =	 {NA},
  note =	 {(Accessed on 09/27/2024)}
}

@article{HPCpricing:online,
  author =	 {{AWS}},
  title =	 {HPC Workload Service – AWS Parallel Computing
                  Service Pricing – AWS},
  note =	 {\url{https://aws.amazon.com/pcs/pricing/}},
  month =	 oct,
  year =	 2024,
  journal =	 {NA},
  note =	 {(Accessed on 09/28/2024)}
}

@article{ec2ondemand:online,
  author =	 {{AWS}},
  author =	 {},
  title =	 {EC2 On-Demand Instance Pricing – Amazon Web
                  Services},
  note =	 {\url
                  {https://aws.amazon.com/ec2/pricing/on-demand/}},
  month =	 oct,
  year =	 2024,
  journal =	 {NA},
  note =	 {(Accessed on 09/28/2024)}
}

@article{spot-instance:online,
  author =	 {{AWS}},
  title =	 {Savings from purchasing Spot Instances - Amazon
                  Elastic Compute Cloud},
  note =	 {\url
                  {https://docs.aws.amazon.com/AWSEC2/latest/UserGuide/spot-savings.html}},
  month =	 oct,
  year =	 2024,
  note =	 {(Accessed on 09/28/2024)}
}

@article{spotSavings:online,
  author =	 {{AWS}},
  title =	 {Savings from purchasing Spot Instances - Amazon
                  Elastic Compute Cloud},
  note =	 {\url
                  {https://docs.aws.amazon.com/AWSEC2/latest/UserGuide/spot-savings.html}},
  month =	 oct,
  year =	 2024,
  note =	 {(Accessed on 09/28/2024)}
}

@article{CFD:online,
  author =	 {{AWS}},
  title =	 {CFD simulation of aerodynamic forces on the DrivAer
                  car model: Impact of computational parameters},
  note =	 {\url
                  {https://www.sciencedirect.com/science/article/pii/S0167610524000746}},
  month =	 oct,
  year =	 2024,
  note =	 {(Accessed on 10/24/2024)}
}

@article{awspcsblob1:online,
  author =	 {{AWS}},
  title =	 {You told us we needed to re-think HPC in the
                  cloud. So we did. | AWS HPC Blog},
  note =	 {\url
                  {https://aws.amazon.com/blogs/hpc/you-told-us-we-needed-to-re-think-hpc-in-the-cloud-so-we-did/}},
  month =	 oct,
  year =	 2024,
  note =	 {(Accessed on 10/24/2024)}
}

@article{awspcsstorage:online,
  author =	 {{AWS}},
  title =	 {Using network file systems with AWS PCS - AWS PCS},
  \note =
                  {\url{https://docs.aws.amazon.com/pcs/latest/userguide/working-with_file-systems.html}},
  month =	 oct,
  year =	 2024,
  note =	 {(Accessed on 10/24/2024)}
}
